<record><leader>00000cas a2200000 a 4500</leader><controlfield tag="001">28904848</controlfield><controlfield tag="008">930928d18771uuucaudn ne      0    0eng d</controlfield><datafield ind1=" " ind2=" " tag="010"><subfield code="a">sn 95062741 </subfield></datafield><datafield ind1=" " ind2=" " tag="040"><subfield code="a">CUS</subfield><subfield code="b">eng</subfield><subfield code="c">CUS</subfield><subfield code="d">CNK</subfield><subfield code="d">OCL</subfield><subfield code="d">OCLCQ</subfield><subfield code="d">OCLCF</subfield><subfield code="d">OCLCO</subfield></datafield><datafield ind1="1" ind2=" " tag="029"><subfield code="a">AU@</subfield><subfield code="b">000022177805</subfield></datafield><datafield ind1=" " ind2=" " tag="042"><subfield code="a">msc</subfield></datafield><datafield ind1=" " ind2=" " tag="043"><subfield code="a">n-us-ca</subfield></datafield><datafield ind1=" " ind2="4" tag="050"><subfield code="a">HG5131.S5</subfield><subfield code="b">D35</subfield></datafield><datafield ind1="0" ind2=" " tag="130"><subfield code="a">Daily exchange (San Francisco, Calif.)</subfield></datafield><datafield ind1="1" ind2="4" tag="245"><subfield code="a">The daily exchange.</subfield></datafield><datafield ind1="1" ind2="3" tag="246"><subfield code="a">Daily stock exchange</subfield><subfield code="f">May 31, 1877</subfield></datafield><datafield ind1=" " ind2=" " tag="260"><subfield code="a">San Francisco, Cal. :</subfield><subfield code="b">Stock Exchange Pub. Co.</subfield></datafield><datafield ind1=" " ind2=" " tag="300"><subfield code="a">v. :</subfield><subfield code="b">ill. ;</subfield><subfield code="c">61 cm.</subfield></datafield><datafield ind1=" " ind2=" " tag="310"><subfield code="a">Daily (except Sun.)</subfield></datafield><datafield ind1="0" ind2=" " tag="362"><subfield code="a">Vol. 5, no. 3 (May 31, 1877)-</subfield></datafield><datafield ind1=" " ind2="0" tag="650"><subfield code="a">Stock exchanges</subfield><subfield code="z">California</subfield><subfield code="z">San Francisco</subfield><subfield code="v">Newspapers.</subfield></datafield><datafield ind1=" " ind2="7" tag="655"><subfield code="a">Newspapers.</subfield><subfield code="2">fast</subfield><subfield code="0">(OCoLC)fst01423814</subfield></datafield><datafield ind1=" " ind2="7" tag="650"><subfield code="a">Stock exchanges.</subfield><subfield code="2">fast</subfield><subfield code="0">(OCoLC)fst01133564</subfield></datafield><datafield ind1=" " ind2="7" tag="651"><subfield code="a">California</subfield><subfield code="z">San Francisco.</subfield><subfield code="2">fast</subfield><subfield code="0">(OCoLC)fst01204481</subfield></datafield><datafield ind1=" " ind2=" " tag="752"><subfield code="a">United States</subfield><subfield code="b">California</subfield><subfield code="c">San Francisco</subfield><subfield code="d">San Francisco.</subfield></datafield><datafield ind1="0" ind2=" " tag="775"><subfield code="t">Weekly exchange (San Francisco, Calif.)</subfield><subfield code="w">(DLC)sn 95062743</subfield></datafield><datafield ind1="0" ind2="0" tag="780"><subfield code="t">Daily stock exchange</subfield><subfield code="w">(DLC)sn 95062740</subfield></datafield></record>